@misc{getdns,
 title="getdns",
 url="https://getdnsapi.net",
 year=2016,
 author={{Unbound security}}
}
